<record><leader>00000cas a22000007a 4500</leader><controlfield tag="001">9399270</controlfield><controlfield tag="008">830412c19839999txudr ne      0   a0eng d</controlfield><datafield ind1=" " ind2=" " tag="010"><subfield code="a">sn 83000673 </subfield></datafield><datafield ind1=" " ind2=" " tag="040"><subfield code="a">NSD</subfield><subfield code="b">eng</subfield><subfield code="c">NSD</subfield><subfield code="d">PPM</subfield><subfield code="d">OCLCQ</subfield></datafield><datafield ind1=" " ind2=" " tag="012"><subfield code="l">1</subfield><subfield code="m">1</subfield></datafield><datafield ind1="1" ind2=" " tag="022"><subfield code="a">0745-6174</subfield><subfield code="l">0745-6174</subfield><subfield code="2">1</subfield></datafield><datafield ind1=" " ind2=" " tag="032"><subfield code="a">311160</subfield><subfield code="b">USPS</subfield></datafield><datafield ind1=" " ind2=" " tag="037"><subfield code="b">Taylor Communications, 591 W. Main St., P.O. Box 38, Lewisville, TX 75067</subfield></datafield><datafield ind1=" " ind2=" " tag="042"><subfield code="a">nsdp</subfield></datafield><datafield ind1=" " ind2="0" tag="222"><subfield code="a">Lewisville daily leader</subfield></datafield><datafield ind1="0" ind2="0" tag="245"><subfield code="a">Lewisville daily leader.</subfield></datafield><datafield ind1="1" ind2="7" tag="246"><subfield code="a">Leader</subfield></datafield><datafield ind1=" " ind2=" " tag="260"><subfield code="a">Lewisville, Tex. :</subfield><subfield code="b">Taylor Communications,</subfield><subfield code="c">1983-</subfield></datafield><datafield ind1=" " ind2=" " tag="310"><subfield code="a">Daily</subfield></datafield><datafield ind1="0" ind2=" " tag="362"><subfield code="a">Vol. 88, no. 250 (Feb. 6, 1983)-</subfield></datafield><datafield ind1=" " ind2=" " tag="752"><subfield code="a">United States</subfield><subfield code="b">Texas</subfield><subfield code="c">Denton</subfield><subfield code="d">Lewisville.</subfield></datafield><datafield ind1="0" ind2="0" tag="780"><subfield code="t">Daily leader</subfield></datafield><datafield ind1=" " ind2=" " tag="936"><subfield code="a">Mar. 13, 1983</subfield></datafield></record>